@article{fama1997,
  title={Industry costs of equity},
  author={Fama, Eugene F and French, Kenneth R},
  journal={Journal of financial economics},
  volume={43},
  number={2},
  pages={153--193},
  year={1997},
  publisher={Elsevier}
}


@article{grinold2000,
  title={Active portfolio management},
  author={Grinold, Richard C and Kahn, Ronald N},
  year={2000},
  publisher={McGraw Hill New York, NY}
}


@Manual{Texevier,
    title = {{Texevier}: {P}ackage to create Elsevier templates for Rmarkdown},
    author = {N.F. Katzke},
    organization = {Bureau for Economic Research},
    address = {Stellenbosch, South Africa},
    note = {version 0.1.2},
    year = {2017},
}

@article{engle,
  title={Autoregressive conditional heteroscedasticity with estimates of the variance of United Kingdom inflation},
  author={Engle, Robert F},
  journal={Econometrica: Journal of the econometric society},
  pages={987--1007},
  year={1982},
  publisher={JSTOR}
}

@article{johansen1988,
  title={Statistical analysis of cointegration vectors},
  author={Johansen, S{\o}ren},
  journal={Journal of economic dynamics and control},
  volume={12},
  number={2-3},
  pages={231--254},
  year={1988},
  publisher={Elsevier}
}

@article{engle2002,
  title={Dynamic conditional correlation: A simple class of multivariate generalized autoregressive conditional heteroskedasticity models},
  author={Engle, Robert},
  journal={Journal of Business \& Economic Statistics},
  volume={20},
  number={3},
  pages={339--350},
  year={2002},
  publisher={Taylor \& Francis}
}

@article{cappiello2006asymmetric,
  title={Asymmetric dynamics in the correlations of global equity and bond returns},
  author={Cappiello, Lorenzo and Engle, Robert F and Sheppard, Kevin},
  journal={Journal of Financial econometrics},
  volume={4},
  number={4},
  pages={537--572},
  year={2006},
  publisher={Oxford University Press}
}

@article{engle1995multivariate,
  title={Multivariate simultaneous generalized ARCH},
  author={Engle, Robert F and Kroner, Kenneth F},
  journal={Econometric theory},
  volume={11},
  number={1},
  pages={122--150},
  year={1995},
  publisher={Cambridge University Press}
}

@article{glosten1993relation,
  title={On the relation between the expected value and the volatility of the nominal excess return on stocks},
  author={Glosten, Lawrence R and Jagannathan, Ravi and Runkle, David E},
  journal={The journal of finance},
  volume={48},
  number={5},
  pages={1779--1801},
  year={1993},
  publisher={Wiley Online Library}
}